<record><leader>00000cas a22000007a 4500</leader><controlfield tag="001">22342890</controlfield><controlfield tag="008">900907d190919uumauwr ne      0    0eng d</controlfield><datafield ind1=" " ind2=" " tag="010"><subfield code="a">sn 89062444 </subfield></datafield><datafield ind1=" " ind2=" " tag="040"><subfield code="a">MGN</subfield><subfield code="b">eng</subfield><subfield code="c">MGN</subfield><subfield code="d">OCLCQ</subfield></datafield><datafield ind1=" " ind2=" " tag="042"><subfield code="a">msc</subfield></datafield><datafield ind1="0" ind2="4" tag="245"><subfield code="a">The Pepperell clarion-advertiser.</subfield></datafield><datafield ind1=" " ind2=" " tag="260"><subfield code="a">East Pepperell [Pepperell], Mass. :</subfield><subfield code="b">George H.B. Turner</subfield></datafield><datafield ind1=" " ind2=" " tag="300"><subfield code="a">v.</subfield></datafield><datafield ind1=" " ind2=" " tag="310"><subfield code="a">Weekly</subfield></datafield><datafield ind1="1" ind2=" " tag="362"><subfield code="a">Began in Jan. 1909.</subfield></datafield><datafield ind1=" " ind2=" " tag="500"><subfield code="a">Place of publication is also given as Ayer, Mass.</subfield></datafield><datafield ind1=" " ind2=" " tag="588"><subfield code="a">Description based on: 59th year, no. 10 (Oct. 30, 1926).</subfield></datafield><datafield ind1=" " ind2=" " tag="752"><subfield code="a">United States</subfield><subfield code="b">Massachusetts</subfield><subfield code="c">Middlesex</subfield><subfield code="d">Pepperell.</subfield></datafield><datafield ind1=" " ind2=" " tag="752"><subfield code="a">United States</subfield><subfield code="b">Massachusetts</subfield><subfield code="c">Middlesex</subfield><subfield code="d">Ayer.</subfield></datafield><datafield ind1="0" ind2="4" tag="780"><subfield code="t">Pepperell clarion</subfield></datafield><datafield ind1="0" ind2="4" tag="780"><subfield code="t">Pepperell advertiser</subfield><subfield code="w">(DLC)sn 89062442</subfield></datafield></record>